@book{hartshorne2013algebraic,
  title={Algebraic {G}eometry},
  author={Hartshorne, Robin},
  volume={52},
  year={2013},
  publisher={Springer Science \& Business Media}
}

@book{silverman2009arithmetic,
  title={The {A}rithmetic of {E}lliptic {C}urves},
  author={Silverman, Joseph H},
  volume={106},
  year={2009},
  publisher={Springer}
}

@book{silverman1994advanced,
  title={Advanced {T}opics in the {A}rithmetic of {E}lliptic {C}urves},
  author={Silverman, Joseph H},
  volume={151},
  year={1994},
  publisher={Springer Science \& Business Media}
}

@incollection{liedtke2016lectures,
  title={Lectures on supersingular {K}3 surfaces and the crystalline Torelli theorem},
  author={Liedtke, Christian},
  booktitle={K3 surfaces and their moduli},
  pages={171--235},
  year={2016},
  publisher={Springer}
}

@inproceedings{artin1977formal,
  title={Formal groups arising from algebraic varieties},
  author={Artin, Michael and Mazur, Barry},
  booktitle={Annales scientifiques de l'{\'E}cole Normale Sup{\'e}rieure},
  volume={10},
  number={1},
  pages={87--131},
  year={1977}
}

@article{kleiman2005picard,
  title={The picard scheme},
  author={Kleiman, Steven L},
  journal={arXiv preprint math/0504020},
  year={2005}
}

@inproceedings{artin1974supersingular,
  title={Supersingular ${K}3$ surfaces},
  author={Artin, Michael},
  booktitle={Annales scientifiques de l'{\'E}cole Normale Sup{\'e}rieure},
  volume={7},
  number={4},
  pages={543--567},
  year={1974}
}

@article{ito2010elliptic,
  title={Elliptic {K}3 surfaces with $p^n$-torsion sections},
  author={Ito, Hiroyuki and Liedtke, Christian},
  journal={arXiv preprint arXiv:1003.0144},
  year={2010}
}

@book{schuett2019mordell,
  title={Mordell--Weil {L}attices},
  author={Sch{\"u}tt, Matthias and Shioda, Tetsuji},
  year={2019},
  publisher={Springer}
}

@book{mumford1966lectures,
  title={Lectures on {C}urves on an {A}lgebraic {S}urface},
  author={Mumford, David},
  number={59},
  year={1966},
  publisher={Princeton University Press}
}

@book{hazewinkel1978formal,
  title={Formal {G}roups and {A}pplications},
  author={Hazewinkel, Michiel},
  volume={78},
  year={1978},
  publisher={Elsevier}
}

@misc{milne2013lectures,
  author={Milne, James S.},
  title={Lectures on \'{E}tale {C}ohomology (v2.21)},
  year={2013},
  note={Available at \url{www.jmilne.org/math/}},
  pages={202}
}

@book{mac2013categories,
  title={Categories for the {W}orking {M}athematician},
  author={Mac Lane, Saunders},
  volume={5},
  year={2013},
  publisher={Springer Science \& Business Media}
}

@article{lazard1955groupes,
  title={Sur les groupes de {L}ie formels {\`a} un param{\`e}tre},
  author={Lazard, Michel},
  journal={Bulletin de la Soci{\'e}t{\'e} Math{\'e}matique de France},
  volume={83},
  pages={251--274},
  year={1955}
}

@misc{nlab2024formal,
  author={{nLab authors}},
  title={Formal scheme},
  howpublished={\url{https://ncatlab.org/nlab/show/formal+scheme}},
  note={\href{https://ncatlab.org/nlab/revision/formal+scheme/29}{Revision 29}},
  month={May},
  year={2024}
}

@misc{liedtke2022algebra,
  title={Vorlesungsskript {A}lgebra 2},
  author={Liedtke, Christian},
  month={Wintersemester},
  year={2021/2022}
}
